<?xml version="1.0" encoding="UTF-8"?>
<record xmlns="http://www.loc.gov/MARC21/slim" xmlns:zs="http://docs.oasis-open.org/ns/search-ws/sruResponse">
 <leader>
  04277cpcaa22006017i 4500
 </leader>
 <controlfield tag="001">
  20903550
 </controlfield>
 <controlfield tag="005">
  20210413133118.0
 </controlfield>
 <controlfield tag="007">
  s| |||||||||||
 </controlfield>
 <controlfield tag="008">
  190325i19501997aku     |           tli
 </controlfield>
 <datafield ind1=" " ind2=" " tag="906">
  <subfield code="a">
   7
  </subfield>
  <subfield code="b">
   cbc
  </subfield>
  <subfield code="c">
   orignew
  </subfield>
  <subfield code="d">
   u
  </subfield>
  <subfield code="e">
   ncip
  </subfield>
  <subfield code="f">
   20
  </subfield>
  <subfield code="g">
   y-folklife
  </subfield>
 </datafield>
 <datafield ind1=" " ind2=" " tag="955">
  <subfield code="a">
   kere 2019-03-25
  </subfield>
  <subfield code="a">
   kere 2019-07-22
  </subfield>
  <subfield code="a">
   mler 2021-03-11
  </subfield>
  <subfield code="a">
   masmit 2021-03-16
  </subfield>
  <subfield code="a">
   mler 2021-03-23
  </subfield>
  <subfield code="a">
   masmit 2021-03-25
  </subfield>
 </datafield>
 <datafield ind1=" " ind2=" " tag="010">
  <subfield code="a">
   2019655204
  </subfield>
 </datafield>
 <datafield ind1=" " ind2=" " tag="040">
  <subfield code="a">
   DLC
  </subfield>
  <subfield code="b">
   eng
  </subfield>
  <subfield code="e">
   dacs
  </subfield>
  <subfield code="c">
   DLC
  </subfield>
  <subfield code="d">
   DLC
  </subfield>
 </datafield>
 <datafield ind1="0" ind2=" " tag="041">
  <subfield code="d">
   tli
  </subfield>
  <subfield code="d">
   eng
  </subfield>
  <subfield code="g">
   eng
  </subfield>
 </datafield>
 <datafield ind1=" " ind2=" " tag="043">
  <subfield code="a">
   n-us-ak
  </subfield>
 </datafield>
 <datafield ind1=" " ind2=" " tag="090">
  <subfield code="a">
   AFC 2019/004
  </subfield>
 </datafield>
 <datafield ind1="0" ind2="0" tag="245">
  <subfield code="a">
   Tlingit songs and texts collected by Nora Marks Dauenhauer and Richard Dauenhauer,
  </subfield>
  <subfield code="f">
   1950-1997,
  </subfield>
  <subfield code="g">
   (bulk 1970-1990).
  </subfield>
 </datafield>
 <datafield ind1=" " ind2=" " tag="300">
  <subfield code="a">
   419
  </subfield>
  <subfield code="f">
   items
  </subfield>
 </datafield>
 <datafield ind1=" " ind2=" " tag="300">
  <subfield code="3">
   sound recordings
  </subfield>
  <subfield code="a">
   1 sound tape reel :
  </subfield>
  <subfield code="b">
   analog ;
  </subfield>
  <subfield code="c">
   5 in.
  </subfield>
 </datafield>
 <datafield ind1=" " ind2=" " tag="300">
  <subfield code="3">
   sound recordings
  </subfield>
  <subfield code="a">
   388 audio cassettes :
  </subfield>
  <subfield code="b">
   analog
  </subfield>
 </datafield>
 <datafield ind1=" " ind2=" " tag="300">
  <subfield code="3">
   manuscripts
  </subfield>
  <subfield code="a">
   1
  </subfield>
  <subfield code="f">
   folder
  </subfield>
  <subfield code="a">
   (30
  </subfield>
  <subfield code="f">
   items)
  </subfield>
 </datafield>
 <datafield ind1="0" ind2=" " tag="511">
  <subfield code="a">
   Multiple speakers including Robert Zuboff, Emma Marks, Charlie Joseph, J.B. Fawcett, Frank Johnson, Frank Dick, Willie Marks, Jimmy Marks, Tom Peters, Bert Dennis, Lonnie Houston, A.P. Johnson, Andrew Johnny, Mrs. Willard, Alice Lee, Jennie Thlunaut, Elizabeth David, Emma Ellis, Esther Johnson, David Kadashan, Jenny Marks, John Marks, George Davis, Johnny Frazer, Frank Williams, Austin Hammond, Annie Dick, Amy Marvin, Jim Fox, George Dalton, Jessie Dalton, Jimmie George, David Williams, Mamie Williams, George Jim, Ida Kadashan, Harry Bremner, Frank Italio, Johnny C. Jackson, Jack David, Andrew Gamble, Jessy Kasko, Henry Denny, Betty Davis, Mary Johnson, Louise Williams, Marion Dennis, Susie James, Andy Hope, Walter "Babe" Williams, William Davis, Louis Kitkoon, and others.
  </subfield>
 </datafield>
 <datafield ind1=" " ind2=" " tag="520">
  <subfield code="a">
   Nora Marks Dauenhauer, of Yakutat and Tlingit heritage, along with her husband Richard Dauenhauer, recorded hundreds of personal narratives during the 1960s to the 1980s. Nora was one of a group of Tlingit women who undertook language revitalization during the same period. The collection consists of interviews with Tlingit language speakers in Alaska. The bulk of the recordings were made between 1960s to the 1980s, some in the 1950s, a few are copies of field recordings made by Frederica de Laguna (1950s) and John Swanton (1904). Through personal narratives, songs, and stories, these tradition bearers impart knowledge about inter-tribal relationships and relationships with outside communities, economic life, medicine, fishing, religious expression, and other aspects of community life.
  </subfield>
 </datafield>
 <datafield ind1="8" ind2=" " tag="524">
  <subfield code="a">
   Tlingit songs and texts collected by Nora Marks Dauenhauer and Richard Dauenhauer (AFC 2019/004), Archive of Folk Culture, American Folklife Center, Library of Congress, Washington, D.C.
  </subfield>
 </datafield>
 <datafield ind1="1" ind2=" " tag="506">
  <subfield code="a">
   Collection is open for research. Access may be restricted. To request materials, please contact the Folklife Reading Room at
  </subfield>
  <subfield code="u">
   http://hdl.loc.gov/loc.afc/folklife.contact
  </subfield>
 </datafield>
 <datafield ind1=" " ind2=" " tag="540">
  <subfield code="a">
   Duplication of collection materials may be governed by copyright and other restrictions.
  </subfield>
 </datafield>
 <datafield ind1=" " ind2=" " tag="541">
  <subfield code="a">
   Alice Taff (executor);
  </subfield>
  <subfield code="c">
   gift;
  </subfield>
  <subfield code="d">
   2019.
  </subfield>
 </datafield>
 <datafield ind1=" " ind2=" " tag="546">
  <subfield code="a">
   In Tlingit; a few in Tlingit and English.
  </subfield>
 </datafield>
 <datafield ind1=" " ind2=" " tag="555">
  <subfield code="a">
   Finding aid is available online
  </subfield>
  <subfield code="u">
   https://hdl.loc.gov/loc.afc/eadafc.af021004
  </subfield>
 </datafield>
 <datafield ind1=" " ind2="0" tag="650">
  <subfield code="a">
   Tlingit language
  </subfield>
  <subfield code="z">
   Alaska.
  </subfield>
 </datafield>
 <datafield ind1=" " ind2="0" tag="650">
  <subfield code="a">
   Tlingit Indians
  </subfield>
  <subfield code="v">
   Music.
  </subfield>
 </datafield>
 <datafield ind1=" " ind2="0" tag="650">
  <subfield code="a">
   Tlingit Indians
  </subfield>
  <subfield code="z">
   Alaska
  </subfield>
  <subfield code="v">
   Folklore.
  </subfield>
 </datafield>
 <datafield ind1=" " ind2="0" tag="650">
  <subfield code="a">
   Tales.
  </subfield>
 </datafield>
 <datafield ind1=" " ind2="0" tag="651">
  <subfield code="a">
   Alaska.
  </subfield>
 </datafield>
 <datafield ind1=" " ind2="7" tag="655">
  <subfield code="a">
   Interviews.
  </subfield>
  <subfield code="2">
   lcgft
  </subfield>
 </datafield>
 <datafield ind1=" " ind2="7" tag="655">
  <subfield code="a">
   Sound recordings.
  </subfield>
  <subfield code="2">
   lcgft
  </subfield>
 </datafield>
 <datafield ind1=" " ind2="7" tag="655">
  <subfield code="a">
   Songs.
  </subfield>
  <subfield code="2">
   lcgft
  </subfield>
 </datafield>
 <datafield ind1=" " ind2="7" tag="655">
  <subfield code="a">
   Oral histories.
  </subfield>
  <subfield code="2">
   lcgft
  </subfield>
 </datafield>
 <datafield ind1=" " ind2="7" tag="655">
  <subfield code="a">
   Personal narratives.
  </subfield>
  <subfield code="2">
   lcgft
  </subfield>
 </datafield>
 <datafield ind1="1" ind2=" " tag="700">
  <subfield code="a">
   Hammond, Austin,
  </subfield>
  <subfield code="e">
   speaker.
  </subfield>
 </datafield>
 <datafield ind1="1" ind2=" " tag="700">
  <subfield code="a">
   Marks, Johnny,
  </subfield>
  <subfield code="d">
   1943-2009,
  </subfield>
  <subfield code="e">
   speaker.
  </subfield>
 </datafield>
 <datafield ind1="1" ind2=" " tag="700">
  <subfield code="a">
   Paul, William L.,
  </subfield>
  <subfield code="e">
   speaker.
  </subfield>
 </datafield>
 <datafield ind1="1" ind2=" " tag="700">
  <subfield code="a">
   Thlunaut, Jennie,
  </subfield>
  <subfield code="d">
   1892-1986,
  </subfield>
  <subfield code="e">
   speaker.
  </subfield>
 </datafield>
 <datafield ind1="1" ind2=" " tag="700">
  <subfield code="a">
   Williams, Emma,
  </subfield>
  <subfield code="d">
   1898-
  </subfield>
  <subfield code="e">
   speaker.
  </subfield>
 </datafield>
 <datafield ind1="1" ind2=" " tag="700">
  <subfield code="a">
   Williams, Frank,
  </subfield>
  <subfield code="d">
   1890-
  </subfield>
  <subfield code="e">
   speaker.
  </subfield>
 </datafield>
 <datafield ind1="1" ind2=" " tag="700">
  <subfield code="a">
   Zuboff, Robert,
  </subfield>
  <subfield code="e">
   speaker.
  </subfield>
 </datafield>
 <datafield ind1="1" ind2=" " tag="700">
  <subfield code="a">
   Dauenhauer, Nora,
  </subfield>
  <subfield code="e">
   collector.
  </subfield>
 </datafield>
 <datafield ind1="1" ind2=" " tag="700">
  <subfield code="a">
   Dauenhauer, Richard,
  </subfield>
  <subfield code="e">
   collector.
  </subfield>
 </datafield>
 <datafield ind1=" " ind2=" " tag="852">
  <subfield code="a">
   Library of Congress
  </subfield>
  <subfield code="b">
   Archive of Folk Culture, American Folklife Center,
  </subfield>
  <subfield code="e">
   101 Independence Ave. S.E., Washington, DC USA 20540-4610
  </subfield>
  <subfield code="u">
   http://hdl.loc.gov/loc.afc/folklife.home
  </subfield>
 </datafield>
 <datafield ind1="4" ind2="2" tag="856">
  <subfield code="3">
   Finding aid
  </subfield>
  <subfield code="u">
   https://hdl.loc.gov/loc.afc/eadafc.af021004
  </subfield>
 </datafield>
 <datafield ind1=" " ind2=" " tag="985">
  <subfield code="a">
   afc/ead
  </subfield>
 </datafield>
 <datafield ind1=" " ind2=" " tag="985">
  <subfield code="a">
   afc/coll
  </subfield>
 </datafield>
 <datafield ind1=" " ind2=" " tag="985">
  <subfield code="a">
   afc/nac
  </subfield>
 </datafield>
</record>
